@article{黄鹏2015福建省土地生态安全AHP法和熵值法动态评价比较,
author={黄鹏 and 郭闽 and 兰思仁},
title={福建省土地生态安全AHP法和熵值法动态评价比较},
journal={沈阳农业大学学报（社会科学版）},
year={2015},
volume={17},
number={3},
pages={337-341},
month={1},
}

@phdthesis{RN10,
   author = {方嘉锐},
   title = {基于近似动态规划的供货风险管理研究},
   university = {清华大学},
   type = {硕士},
   year = {2011},
   type = {Thesis}
}